@book{aggarwal2012mining,
  title= {Mining text data},
  author= {Aggarwal, Charu C and Zhai, ChengXiang},
  year={2012},
  publisher={Springer Science Business Media}
}

@article{uber2004,
  title={Descoberta de Conhecimento com o uso de Text Mining aplicada ao SAC},
  author={Uber, Jos{\'e} Lino},
  year={2004},
  publisher={Universidade Regional de Blumenau}
}

@TechReport{ana2007,
author = {Morais, Edison Andrade Martins and Ambr{\'o}sio, Ana Paula L.},
title = {Minera{\c{c}}{\~a}o de Textos},
institution = {Instituto de Inform{\'a}tica Universidade Federal de Goi{\'a}s},
year = {2007}
}

@MastersThesis{maria2012,
author = {Maria Lu{\'i}za Castro Passini},
title = {MINERA{\c{C}}{\~A}O DE TEXTOS PARA ORGANIZA{\c{C}}{\~A}O DE DOCUMENTOS EM CENTRAIS DE ATENDIMENTO},
school = {Universidade Federal do Rio de Janeiro},
year = {2012}
}

@article{rezende2011uso,
  title={O uso da minera{\c{c}}{\~a}o de textos para extra{\c{c}}{\~a}o e organiza{\c{c}}{\~a}o n{\~a}o supervisionada de conhecimento},
  author={Rezende, Solange O and Marcacini, Ricardo M and Moura, Maria F},
  journal={Revista de Sistemas de Informa{\c{c}}{\~a}o da FSMA},
  volume={7},
  pages={7--21},
  year={2011}
}

@article{wives1999estudo,
  title={Um estudo sobre agrupamento de documentos textuais em processamento de informa{\c{c}}{\~o}es n{\~a}o estruturadas usando t{\'e}cnicas de" clustering"},
  author={Wives, Leandro Krug},
  year={1999}
}

@TechReport{camilo2009,
author = {Camilo, C{\'a}ssio Oliveira and  da Silva, Jo{\~a}o Carlos},
title = {Minera{\c{c}}{\~a}ode Dados: Conceitos, Tarefas, M{\'e}todos e Ferramentas},
institution = {Instituto de Inform{\'a}tica Universidade Federal de Goi{\'a}s},
year = {2009}
}

@article{grimes2008unstructured,
  title={Unstructured data and the 80 percent rule},
  author={Grimes, Seth},
  journal={Carabridge Bridgepoints},
  pages={10},
  year={2008}
}

@article{de2004tecnicas,
  title={T{\'e}cnicas de minera{\c{c}}{\~a}o de dados},
  author={De Amo, Sandra},
  journal={Jornada de Atualiza{\c{c}}ao em Informatica},
  year={2004}
}

@book{da2002mineraccao,
  title={Minera{\c{c}}{\~a}o de dados-funcionalidades, t{\'e}cnicas e abordagens},
  author={da Costa C{\^o}rtes, S{\'e}rgio and Porcaro, Rosa Maria and Lifschitz, S{\'e}rgio},
  year={2002},
  publisher={PUC}
}

@article{junior2007desenvolvimento,
  title={Desenvolvimento de uma Metodologia para Minera{\c{c}}{\~a}o de Textos},
  author={Junior, Jo{\~a}o Ribeiro Carrilho},
  journal={Departamento de Engenharia El{\'e}trica, Pont{\'\i}fica Universidade Cat{\'o}lica do Rio de Janeiro},
  year={2007}
}

@article{pezzini2017mineraccao,
  title={MINERA{\c{C}}{\~A}O DE TEXTOS: CONCEITO, PROCESSO E APLICA{\c{C}}{\~O}ES},
  author={Pezzini, Anderson},
  journal={REAVI-Revista Eletr{\^o}nica do Alto Vale do Itaja{\'\i}},
  volume={5},
  number={8},
  pages={58--61},
  year={2017}
}

@article{baker2011mineraccao,
  title={Minera{\c{c}}ao de dados educacionais: Oportunidades para o brasil},
  author={Baker, Ryan and Isotani, Seiji and Carvalho, Adriana},
  journal={Brazilian Journal of Computers in Education},
  volume={19},
  number={02},
  pages={03},
  year={2011}
}
@book{feldman06,
author = {Feldman, Ronen and Sanger,James},
title = {Text Mining Handbook: Advanced Approaches in Analyzing Unstructured Data},
year = {2006}
}

@


@article{costa2013mineraccao,
  title={Minera{\c{c}}{\~a}o de dados educacionais: conceitos, t{\'e}cnicas, ferramentas e aplica{\c{c}}{\~o}es},
  author={Costa, Evandro and Baker, Ryan SJd and Amorim, Lucas and Magalh{\~a}es, Jonathas and Marinho, Tarsis},
  journal={Jornada de Atualiza{\c{c}}{\~a}o em Inform{\'a}tica na Educa{\c{c}}{\~a}o},
  volume={1},
  number={1},
  pages={1--29},
  year={2013}
}

@misc{PORTER2005,
  title = {Portuguese stemming algorithm},
  howpublished = {\url{http://snowball.tartarus.org/algorithms/portuguese/stemmer.html}},
  note = {Acessado: 09/05/2019}
}

@article{lott2012survey,
  title={Survey of keyword extraction techniques},
  author={Lott, Brian},
  journal={UNM Education},
  volume={50},
  pages={1--11},
  year={2012}
}

@inproceedings{orengo2001stemming,
  title={A stemming algorithm for the portuguese language},
  author={Orengo, Viviane Moreira and Huyck, Christian},
  booktitle={Proceedings Eighth Symposium on String Processing and Information Retrieval},
  pages={186--193},
  year={2001},
  organization={IEEE}
}

@inproceedings{alvares2005stembr,
  title={STEMBR: a stemming algorithm for the Brazilian Portuguese language},
  author={Alvares, Reinaldo Viana and Garcia, Ana Cristina Bicharra and Ferraz, Inha{\'u}ma},
  booktitle={Portuguese Conference on Artificial Intelligence},
  pages={693--701},
  year={2005},
  organization={Springer}
}

@inproceedings{ohsawa1998keygraph,
  title={KeyGraph: Automatic indexing by co-occurrence graph based on building construction metaphor},
  author={Ohsawa, Yukio and Benson, Nels E and Yachida, Masahiko},
  booktitle={Proceedings IEEE International Forum on Research and Technology Advances in Digital Libraries-ADL'98-},
  pages={12--18},
  year={1998},
  organization={IEEE}
}