@COMMENT{Purpose: LaTeX Bibliography Data Base (for BibTeX utility)}
@COMMENT{Creator: BaKoMa TeX}
@COMMENT{Date:    Sat Jul 21 00:52:59 2007}

@PHDThesis{marietto:2000,
	author = {Maria das Gracas},
	title = {Teste},
	school = {ITA},
	year = 2000
}
